% This file was created with JabRef 2.10.
% Encoding: UTF-8


@Electronic{Fasth2007,
  Title                    = {Coulomb blockade in Quantum Dots},
  Author                   = {Fasth, C. and Fuhrer, A.},
  Month                    = {Apr},
  Note                     = {Additional reading complementing the lecture notes in FFF042 at LTH},
  Url                      = {http://www.ftf.lth.se/fileadmin/ftf/Course_pages/FFF042/cb_lecture07.pdf},
  Year                     = {2007},

  Owner                    = {matteo},
  Timestamp                = {2015.06.24}
}

@PhdThesis{Fuhrer2003,
  Title                    = {Phase coherence, orbital and spin states in quantum rings},
  Author                   = {Fuhrer, Andreas},
  School                   = {ETH},
  Year                     = {2003},
  Note                     = {Diss., Naturwissenschaften ETH Zürich, Nr. 15094, 2003},

  Doi                      = {10.3929/ethz-a-004593507},
  Owner                    = {matteo},
  Timestamp                = {2015.06.25},
  Url                      = {http://dx.doi.org/10.3929/ethz-a-004593507}
}

@Book{Griffiths2005,
  Title                    = {Introduction to Quantum Mechanics},
  Author                   = {Griffiths, D. J.},
  Publisher                = {Pearson Education, Inc.},
  Year                     = {2005},
  Edition                  = {Second Ed.},
  Note                     = {ISBN 978-81-7758-230-7},

  Owner                    = {matteo},
  Timestamp                = {2015.06.24}
}

@Electronic{Hjorth-Jensen2014,
  Title                    = {Computational Physics -- Lecture Notes Fall 2014},
  Author                   = {Hjorth-Jensen, M.},
  Month                    = {Aug},
  Organization             = {University of Oslo},
  Url                      = {http://www.uio.no/studier/emner/matnat/fys/FYS3150/h14/undervisningsmateriale/Lecture\%20Notes/lecture2014.pdf},
  Year                     = {2014},

  Owner                    = {matteo},
  Timestamp                = {2015.06.24}
}

@MastersThesis{Hoegberget2013,
  Title                    = {Quantum Monte-Carlo Studies of Generalized Many-body Systems},
  Author                   = {Høgberget, J.},
  School                   = {University of Oslo},
  Year                     = {2013},

  Owner                    = {matteo},
  Timestamp                = {2015.06.24},
  Url                      = {http://hdl.handle.net/10852/37167}
}

@Article{Kastner1993,
  Title                    = {Artificial atoms},
  Author                   = {Kastner, M. A.},
  Journal                  = {Physics Today},
  Volume                   = {46},
  Year                     = {1993},

  Month                    = jan,
  Pages                    = {24-31},

  Adsnote                  = {Provided by the SAO/NASA Astrophysics Data System},
  Adsurl                   = {http://adsabs.harvard.edu/abs/1993PhT....46a..24K},
  Owner                    = {matteo},
  Timestamp                = {2015.06.24}
}

@Article{Kohn1961,
  Title                    = {Cyclotron Resonance and de Haas-van Alphen Oscillations of an Interacting Electron Gas},
  Author                   = {Kohn, Walter},
  Journal                  = {Phys. Rev.},
  Volume                   = {123},
  Year                     = {1961},

  Month                    = {Aug},
  Pages                    = {1242--1244},

  Doi                      = {10.1103/PhysRev.123.1242},
  Issue                    = {4},
  Numpages                 = {0},
  Owner                    = {matteo},
  Publisher                = {American Physical Society},
  Timestamp                = {2015.06.24},
  Url                      = {http://link.aps.org/doi/10.1103/PhysRev.123.1242}
}

@Article{Koskinen1997,
  Title                    = {Hund's Rules and Spin Density Waves in Quantum Dots},
  Author                   = {Koskinen, M. and Manninen, M. and Reimann, S. M.},
  Journal                  = {Phys. Rev. Lett.},
  Volume                   = {79},
  Year                     = {1997},

  Month                    = {Aug},
  Pages                    = {1389--1392},

  __markedentry            = {[matteo:]},
  Doi                      = {10.1103/PhysRevLett.79.1389},
  Issue                    = {7},
  Numpages                 = {0},
  Owner                    = {matteo},
  Publisher                = {American Physical Society},
  Timestamp                = {2015.06.25},
  Url                      = {http://link.aps.org/doi/10.1103/PhysRevLett.79.1389}
}

@Book{Krane1988,
  Title                    = {Introductory Nuclear Physics},
  Author                   = {Krane, K.S.},
  Publisher                = {Wiley},
  Year                     = {1988},

  __markedentry            = {[matteo:6]},
  ISBN                     = {9780471859147},
  Lccn                     = {87010623},
  Owner                    = {matteo},
  Timestamp                = {2015.06.25},
  Url                      = {https://books.google.no/books?id=rhVlQgAACAAJ}
}

@Article{Kumar1990,
  Title                    = {Electron states in a GaAs quantum dot in a magnetic field},
  Author                   = {Kumar, Arvind and Laux, Steven E. and Stern, Frank},
  Journal                  = {Phys. Rev. B},
  Volume                   = {42},
  Year                     = {1990},

  Month                    = {Sep},
  Pages                    = {5166--5175},

  Doi                      = {10.1103/PhysRevB.42.5166},
  Issue                    = {8},
  Numpages                 = {0},
  Owner                    = {matteo},
  Publisher                = {American Physical Society},
  Timestamp                = {2015.06.24},
  Url                      = {http://link.aps.org/doi/10.1103/PhysRevB.42.5166}
}

@Article{PedersenLohne2011,
  Title                    = {\textit{Ab initio} computation of the energies of circular quantum dots},
  Author                   = {Pedersen Lohne, M. and Hagen, G. and Hjorth-Jensen, M. and Kvaal, S. and Pederiva, F.},
  Journal                  = {Phys. Rev. B},
  Volume                   = {84},
  Year                     = {2011},

  Month                    = {Sep},
  Pages                    = {115302},

  Doi                      = {10.1103/PhysRevB.84.115302},
  Issue                    = {11},
  Numpages                 = {15},
  Owner                    = {matteo},
  Publisher                = {American Physical Society},
  Timestamp                = {2015.06.24},
  Url                      = {http://link.aps.org/doi/10.1103/PhysRevB.84.115302}
}

@Article{Reimann2002,
  Title                    = {Electronic structure of quantum dots},
  Author                   = {Reimann, Stephanie M. and Manninen, Matti},
  Journal                  = {Rev. Mod. Phys.},
  Volume                   = {74},
  Year                     = {2002},

  Month                    = {Nov},
  Pages                    = {1283--1342},

  Doi                      = {10.1103/RevModPhys.74.1283},
  Issue                    = {4},
  Numpages                 = {0},
  Owner                    = {matteo},
  Publisher                = {American Physical Society},
  Timestamp                = {2015.06.24},
  Url                      = {http://link.aps.org/doi/10.1103/RevModPhys.74.1283}
}

@Article{Tarucha1996,
  Title                    = {Shell Filling and Spin Effects in a Few Electron Quantum Dot},
  Author                   = {Tarucha, S. and Austing, D. G. and Honda, T. and van der Hage, R. J. and Kouwenhoven, L. P.},
  Journal                  = {Phys. Rev. Lett.},
  Volume                   = {77},
  Year                     = {1996},

  Month                    = {Oct},
  Pages                    = {3613--3616},
  Doi                      = {10.1103/PhysRevLett.77.3613},
  Issue                    = {17},
  Numpages                 = {0},
  Owner                    = {matteo},
  Publisher                = {American Physical Society},
  Timestamp                = {2015.06.25},
  Url                      = {http://link.aps.org/doi/10.1103/PhysRevLett.77.3613}
}

@Article{Taut1993,
  Title                    = {Two electrons in an external oscillator potential: Particular analytic solutions of a Coulomb correlation problem},
  Author                   = {Taut, M.},
  Journal                  = {Phys. Rev. A},
  Volume                   = {48},
  Year                     = {1993},

  Month                    = {Nov},
  Pages                    = {3561--3566},

  Doi                      = {10.1103/PhysRevA.48.3561},
  Issue                    = {5},
  Numpages                 = {0},
  Owner                    = {matteo},
  Publisher                = {American Physical Society},
  Timestamp                = {2015.06.24},
  Url                      = {http://link.aps.org/doi/10.1103/PhysRevA.48.3561}
}

@PhdThesis{Weinmann1994,
  Title                    = {Quantum transport in nanostructures},
  Author                   = {Weinmann, Dietmar},
  School                   = {Universitat Hamburg},
  Year                     = {1994},
  Note                     = {ISBN 3-89429-542-2},

  Owner                    = {matteo},
  Timestamp                = {2015.06.25},
  Url                      = {http://www.ipcms.unistra.fr/?page_id=13869}
}

